<record><leader>00000cas a2200000 a 4500</leader><controlfield tag="001">9346615</controlfield><controlfield tag="008">830325d18631864couwr ne      0    0eng  </controlfield><datafield ind1=" " ind2=" " tag="010"><subfield code="a">sn 82016464 </subfield></datafield><datafield ind1=" " ind2=" " tag="040"><subfield code="a">DLC</subfield><subfield code="b">eng</subfield><subfield code="c">DLC</subfield><subfield code="d">UNP</subfield><subfield code="d">DLC</subfield><subfield code="d">NJW</subfield><subfield code="d">NVB</subfield><subfield code="d">CNQ</subfield><subfield code="d">NVF</subfield><subfield code="d">DLC</subfield><subfield code="d">OCL</subfield><subfield code="d">OCLCQ</subfield><subfield code="d">OCLCO</subfield><subfield code="d">OCLCF</subfield></datafield><datafield ind1="1" ind2=" " tag="029"><subfield code="a">AU@</subfield><subfield code="b">000020225616</subfield></datafield><datafield ind1=" " ind2=" " tag="042"><subfield code="a">pcc</subfield></datafield><datafield ind1=" " ind2=" " tag="043"><subfield code="a">n-us-co</subfield></datafield><datafield ind1="0" ind2="0" tag="050"><subfield code="a">Newspaper 7211-X</subfield></datafield><datafield ind1="0" ind2=" " tag="130"><subfield code="a">Weekly commonwealth (Denver, Colo.)</subfield></datafield><datafield ind1="1" ind2="4" tag="245"><subfield code="a">The weekly commonwealth.</subfield></datafield><datafield ind1="3" ind2="0" tag="246"><subfield code="a">Commonwealth</subfield></datafield><datafield ind1=" " ind2=" " tag="260"><subfield code="a">Denver City, Colorado Territory [Denver, Colo.] :</subfield><subfield code="b">T. Gibson,</subfield><subfield code="c">1863-1864.</subfield></datafield><datafield ind1=" " ind2=" " tag="300"><subfield code="a">v.</subfield></datafield><datafield ind1=" " ind2=" " tag="310"><subfield code="a">Weekly</subfield></datafield><datafield ind1="0" ind2=" " tag="362"><subfield code="a">Vol. 4, no. 15 (Aug. 27, 1863)-v. 5, no. 5 (June 22, 1864).</subfield></datafield><datafield ind1=" " ind2="0" tag="651"><subfield code="a">Denver (Colo.)</subfield><subfield code="v">Newspapers.</subfield></datafield><datafield ind1=" " ind2="7" tag="655"><subfield code="a">Newspapers.</subfield><subfield code="2">fast</subfield><subfield code="0">(OCoLC)fst01423814</subfield></datafield><datafield ind1=" " ind2="7" tag="651"><subfield code="a">Colorado</subfield><subfield code="z">Denver.</subfield><subfield code="2">fast</subfield><subfield code="0">(OCoLC)fst01205192</subfield></datafield><datafield ind1=" " ind2=" " tag="752"><subfield code="a">United States</subfield><subfield code="b">Colorado</subfield><subfield code="c">Denver</subfield><subfield code="d">Denver.</subfield></datafield><datafield ind1=" " ind2=" " tag="752"><subfield code="a">United States</subfield><subfield code="b">Colorado</subfield><subfield code="c">Arapahoe</subfield><subfield code="d">Denver.</subfield></datafield><datafield ind1="0" ind2=" " tag="775"><subfield code="t">Daily commonwealth (Denver, Colo.)</subfield><subfield code="w">(DLC)sn 84022328</subfield><subfield code="w">(OCoLC)10347186</subfield></datafield><datafield ind1="0" ind2="0" tag="780"><subfield code="t">Weekly commonwealth and Republican</subfield><subfield code="w">(DLC)sn 82014229</subfield><subfield code="w">(OCoLC)8772990</subfield></datafield><datafield ind1="0" ind2="4" tag="785"><subfield code="t">Weekly Rocky Mountain news</subfield><subfield code="g">June 1964</subfield><subfield code="w">(DLC)sn 82014494</subfield><subfield code="w">(OCoLC)8786860</subfield></datafield></record>